0142559RLV 10000EUR2 08010508762  010920BERNARD MAGREZ LUXURY HOTELS     BERNARD MAGREZ LU0000000069431Q        60297677
0442559RLV 10000EUR2E0801050876201020920  020920CHEQUE N 4122985                 41229850 0000000008345J                
0542559RLV 10000EUR2E0801050876201020920     LIBDATE DE REGLEMENT   02/09/20                                            
0742559RLV 10000EUR2 08010508762  020920                                                  0000000077776R                
0142559RLV 10000EUR2 08023303062  010920BERNARD MAGREZ-CHATEAU LA TOUR   BERNARD MAGREZ-CH0000000273604B        60297677
0742559RLV 10000EUR2 08023303062  020920                                                  0000000273604B                
0142559RLV 10000EUR2 08023497264  010920CHATEAU PAPE CLEMENT             CHATEAU PAPE CLEM0000000058855H        60297677
0742559RLV 10000EUR2 08023497264  020920                                                  0000000058855H                
0142559RLV 10000EUR2 08010508762  020920BERNARD MAGREZ LUXURY HOTELS     BERNARD MAGREZ LU0000000077776R        60297677
0442559RLV 10000EUR2E0801050876201030920  030920CHEQUE N 4123000                 41230000 0000000009342O                
0542559RLV 10000EUR2E0801050876201030920     LIBDATE DE REGLEMENT   03/09/20                                            
0442559RLV 10000EUR2E08010508762B1030920  030920*10006       FORT ALIMENTACIO S  58211181 0000000001610Q                
0542559RLV 10000EUR2E08010508762B1030920     LIB*10006       FORT ALIMENTACIO S                                         
0542559RLV 10000EUR2E08010508762B1030920     NPYSARL BERNARD MAGREZ LUXURY HOTELS                                       
0542559RLV 10000EUR2E08010508762B1030920     LCCFACTURES MOIS DE AO T NUM. 426 FORT ALIMENTACIO SELECTA  S.L. LLEIDA (  
0542559RLV 10000EUR2E08010508762B1030920     LC2CATALOGNE)                                                              
0542559RLV 10000EUR2E08010508762B1030920     RCN100060000000012                                                         
0542559RLV 10000EUR2E08010508762B1030920     RUM10006                              RCUR                                 
0542559RLV 10000EUR2E08010508762B1030920     CPYFR7642559100000801050876293                                             
0542559RLV 10000EUR2E08010508762B1030920     NBEFORT ALIMENTACIO SELECTA SL                                             
0542559RLV 10000EUR2E08010508762B1030920     IBEES80001B25820739                   SEPA                                 
0442559RLV 10000EUR2E0801050876262030920  030920* Abo Coop ccess Echanges        41624471 0000000000250}                
0442559RLV 10000EUR2E0801050876262030920  030920* 0000019 Mvt(s) VIR             41884121 0000000000038}                
0742559RLV 10000EUR2 08010508762  030920                                                  0000000089018L                
0142559RLV 10000EUR2 08023303062  020920BERNARD MAGREZ-CHATEAU LA TOUR   BERNARD MAGREZ-CH0000000273604B        60297677
0742559RLV 10000EUR2 08023303062  030920                                                  0000000273604B                
0142559RLV 10000EUR2 08023497264  020920CHATEAU PAPE CLEMENT             CHATEAU PAPE CLEM0000000058855H        60297677
0742559RLV 10000EUR2 08023497264  030920                                                  0000000058855H                
0142559RLV 10000EUR2 08010508762  030920BERNARD MAGREZ LUXURY HOTELS     BERNARD MAGREZ LU0000000089018L        60297677
0442559RLV 10000EUR2E0801050876206040920  040920REM VIR SEPA N  D6QHV 04/09/20   97059250 0000000039850}                
0542559RLV 10000EUR2E0801050876206040920     LIBSU0BEDCPOIEQ27VK                                                        
0542559RLV 10000EUR2E0801050876206040920     NPYBERNARD MAGREZ LUXURY HOTELS                                            
0542559RLV 10000EUR2E0801050876206040920     REFSU0BEDCPOIEQ27VK                                                        
0442559RLV 10000EUR2E0801050876206040920  040920REM VIR SEPA N  D6RLM 04/09/20   97853750 0000000004000}                
0542559RLV 10000EUR2E0801050876206040920     LIBSU0BEET3TPBD0SLC                                                        
0542559RLV 10000EUR2E0801050876206040920     NPYBERNARD MAGREZ LUXURY HOTELS                                            
0542559RLV 10000EUR2E0801050876206040920     REFSU0BEET3TPBD0SLC                                                        
0442559RLV 10000EUR2E08010508762B1040920  040920*CIR141115338AVEM                20845591 0000000001404}                
0542559RLV 10000EUR2E08010508762B1040920     LIB*CIR141115338AVEM                                                       
0542559RLV 10000EUR2E08010508762B1040920     NPYBERNARD MAGREZ LUX                                                      
0542559RLV 10000EUR2E08010508762B1040920     IPY1411153380                         PRVID                                
0542559RLV 10000EUR2E08010508762B1040920     LCC/R//INV/NA LOC 10523116 22.11.2019                                      
0542559RLV 10000EUR2E08010508762B1040920     RCN2000382934/1411153380              OTHR                                 
0542559RLV 10000EUR2E08010508762B1040920     RUMCIR1411153380000000000000001       RCUR                                 
0542559RLV 10000EUR2E08010508762B1040920     CPYFR7642559000404100001618903                                             
0542559RLV 10000EUR2E08010508762B1040920     NBEAVEM                                                                    
0542559RLV 10000EUR2E08010508762B1040920     IBEFR73ZZZ395135                      SEPA                                 
0742559RLV 10000EUR2 08010508762  040920                                                  0000000134272L                
0142559RLV 10000EUR2 08023303062  030920BERNARD MAGREZ-CHATEAU LA TOUR   BERNARD MAGREZ-CH0000000273604B        60297677
0742559RLV 10000EUR2 08023303062  040920                                                  0000000273604B                
0142559RLV 10000EUR2 08023497264  030920CHATEAU PAPE CLEMENT             CHATEAU PAPE CLEM0000000058855H        60297677
0742559RLV 10000EUR2 08023497264  040920                                                  0000000058855H                
0142559RLV 10000EUR2 08010508762  040920BERNARD MAGREZ LUXURY HOTELS     BERNARD MAGREZ LU0000000134272L        60297677
0442559RLV 10000EUR2E0801050876236050920  070920CB LUXURY HOTELS     050920      08614530 0000000024450}                
0542559RLV 10000EUR2E0801050876236050920     LIBCONTRAT 5240866     REM 861453                                          
0742559RLV 10000EUR2 08010508762  050920                                                  0000000158722L                
0142559RLV 10000EUR2 08023303062  040920BERNARD MAGREZ-CHATEAU LA TOUR   BERNARD MAGREZ-CH0000000273604B        60297677
0742559RLV 10000EUR2 08023303062  050920                                                  0000000273604B                
0142559RLV 10000EUR2 08023497264  040920CHATEAU PAPE CLEMENT             CHATEAU PAPE CLEM0000000058855H        60297677
0742559RLV 10000EUR2 08023497264  050920                                                  0000000058855H                
0142559RLV 10000EUR2 08010508762  050920BERNARD MAGREZ LUXURY HOTELS     BERNARD MAGREZ LU0000000158722L        60297677
0442559RLV 10000EUR2E08010508762B1070920  070920*K00622299000PLG SUD OUEST       79547741 0000000007722K                
0542559RLV 10000EUR2E08010508762B1070920     LIB*K00622299000PLG SUD OUEST                                              
0542559RLV 10000EUR2E08010508762B1070920     NPYLA GRANDE MAISON DE BERNARD MAGREZ                                      
0542559RLV 10000EUR2E08010508762B1070920     RCN30618797                                                                
0542559RLV 10000EUR2E08010508762B1070920     RUMK0062229900001                     RCUR                                 
0542559RLV 10000EUR2E08010508762B1070920     CPYFR7642559100000801050876293                                             
0542559RLV 10000EUR2E08010508762B1070920     NBEPLG SUD OUEST                                                           
0542559RLV 10000EUR2E08010508762B1070920     IBEFR77ZZZ594398                      SEPA                                 
0742559RLV 10000EUR2 08010508762  070920                                                  0000000166444N                
0142559RLV 10000EUR2 08023303062  050920BERNARD MAGREZ-CHATEAU LA TOUR   BERNARD MAGREZ-CH0000000273604B        60297677
0742559RLV 10000EUR2 08023303062  070920                                                  0000000273604B                
0142559RLV 10000EUR2 08023497264  050920CHATEAU PAPE CLEMENT             CHATEAU PAPE CLEM0000000058855H        60297677
0742559RLV 10000EUR2 08023497264  070920                                                  0000000058855H                
0142559RLV 10000EUR2 08010508762  070920BERNARD MAGREZ LUXURY HOTELS     BERNARD MAGREZ LU0000000166444N        60297677
0442559RLV 10000EUR2E0801050876208080920  080920* COMM. TRANSFERT                76680800 0000000000130}                
0542559RLV 10000EUR2E0801050876208080920     LIB20200907       1 500 00EUR                                              
0442559RLV 10000EUR2E0801050876244080920  080920VIREMENT EMIS 255248011500       76934820 0000000015000}                
0542559RLV 10000EUR2E0801050876244080920     LIBR CRUSOE SON                                                            
0442559RLV 10000EUR2E0801050876201080920  080920CHEQUE N 4123003                 41230030 0000000003132}                
0542559RLV 10000EUR2E0801050876201080920     LIBDATE DE REGLEMENT   08/09/20                                            
0742559RLV 10000EUR2 08010508762  080920                                                  0000000184706N                
0142559RLV 10000EUR2 08023303062  070920BERNARD MAGREZ-CHATEAU LA TOUR   BERNARD MAGREZ-CH0000000273604B        60297677
0742559RLV 10000EUR2 08023303062  080920                                                  0000000273604B                
0142559RLV 10000EUR2 08023497264  070920CHATEAU PAPE CLEMENT             CHATEAU PAPE CLEM0000000058855H        60297677
0742559RLV 10000EUR2 08023497264  080920                                                  0000000058855H                
0110907    00001EUR2 05721996278  010920                                                  0000000033666B                
0710907    00001EUR2 05721996278  020920                                                  0000000033666B                
0110907    00065EUR2 02421268437  010920                                                  0000003184336N                
0410907052400065EUR2E0242126843762020920  310820COM INTERVENTION                 0116342100000000000100}0116342         
0510907052400065EUR2E0242126843762020920     LIBXCEBR420 2020083100116342000001                                         
0510907052400065EUR2E0242126843762020920     LIB1 OPERATION                                                             
0710907    00065EUR2 02421268437  020920                                                  0000003184436N                
0110907    00065EUR2 40020195863  010920                                                  0000000205236C                
0710907    00065EUR2 40020195863  020920                                                  0000000205236C                
0110907    00065EUR2 96021181556  010920                                                  0000000208817F                
0710907    00065EUR2 96021181556  020920                                                  0000000208817F                
0110907    00121EUR2 02021381798  010920                                                  0000020649471K                
0710907    00121EUR2 02021381798  020920                                                  0000020649471K                
0110907    00121EUR2 02021409515  010920                                                  0000000028460H                
0710907    00121EUR2 02021409515  020920                                                  0000000028460H                
0110907    00121EUR2 03722038552  010920                                                  0000000051727A                
0710907    00121EUR2 03722038552  020920                                                  0000000051727A                
0110907    00121EUR2 21020266110  010920                                                  0000000082266I                
0710907    00121EUR2 21020266110  020920                                                  0000000082266I                
0110907    00121EUR2 21020529715  010920                                                  0000000137606{                
0710907    00121EUR2 21020529715  020920                                                  0000000137606{                
0110907    00121EUR2 32021381873  010920                                                  0000006820123J                
0410907052400121EUR2E3202138187362310820  310820COM INTERVENTION                 0115518100000000000200}0115518         
0510907052400121EUR2E3202138187362310820     LIBXCEBR420 2020083100115518000001                                         
0510907052400121EUR2E3202138187362310820     LIB2 OPERATIONS                                                            
0710907    00121EUR2 32021381873  020920                                                  0000006820323J                
0110907    00121EUR2 40020056073  010920                                                  0000000114309D                
0710907    00121EUR2 40020056073  020920                                                  0000000114309D                
0110907    00121EUR2 40020084577  010920                                                  0000000107244G                
0710907    00121EUR2 40020084577  020920                                                  0000000107244G                
0110907    00121EUR2 42021409541  010920                                                  0000000169662A                
0710907    00121EUR2 42021409541  020920                                                  0000000169662A                
0110907    00121EUR2 42021554933  010920                                                  0000002370030R                
0410907052400121EUR2E4202155493362310820  310820COM INTERVENTION                 0091954100000000000200}0091954         
0510907052400121EUR2E4202155493362310820     LIBXCEBR420 2020083100091954000001                                         
0510907052400121EUR2E4202155493362310820     LIB2 OPERATIONS                                                            
0710907    00121EUR2 42021554933  020920                                                  0000002370230R                
0110907    00121EUR2 52021409507  010920                                                  0000000034226E                
0710907    00121EUR2 52021409507  020920                                                  0000000034226E                
0110907    00121EUR2 82021381784  010920                                                  0000000029220I                
0710907    00121EUR2 82021381784  020920                                                  0000000029220I                
0110907    00122EUR2 42021361817  010920                                                  0000002091853D                
0710907    00122EUR2 42021361817  020920                                                  0000002091853D                
0110907    00142EUR2 46021757396  010920                                                  0000000087762D                
0710907    00142EUR2 46021757396  020920                                                  0000000087762D                
0110907    00001EUR2 05721996278  020920                                                  0000000033666B                
0710907    00001EUR2 05721996278  030920                                                  0000000033666B                
0110907    00065EUR2 02421268437  020920                                                  0000003184436N                
0710907    00065EUR2 02421268437  030920                                                  0000003184436N                
0110907    00065EUR2 40020195863  020920                                                  0000000205236C                
0710907    00065EUR2 40020195863  030920                                                  0000000205236C                
0110907    00065EUR2 96021181556  020920                                                  0000000208817F                
0710907    00065EUR2 96021181556  030920                                                  0000000208817F                
0110907    00121EUR2 02021381798  020920                                                  0000020649471K                
0710907    00121EUR2 02021381798  030920                                                  0000020649471K                
0110907    00121EUR2 02021409515  020920                                                  0000000028460H                
0710907    00121EUR2 02021409515  030920                                                  0000000028460H                
0110907    00121EUR2 03722038552  020920                                                  0000000051727A                
0710907    00121EUR2 03722038552  030920                                                  0000000051727A                
0110907    00121EUR2 21020266110  020920                                                  0000000082266I                
0710907    00121EUR2 21020266110  030920                                                  0000000082266I                
0110907    00121EUR2 21020529715  020920                                                  0000000137606{                
0710907    00121EUR2 21020529715  030920                                                  0000000137606{                
0110907    00121EUR2 32021381873  020920                                                  0000006820323J                
0710907    00121EUR2 32021381873  030920                                                  0000006820323J                
0110907    00121EUR2 40020056073  020920                                                  0000000114309D                
0710907    00121EUR2 40020056073  030920                                                  0000000114309D                
0110907    00121EUR2 40020084577  020920                                                  0000000107244G                
0710907    00121EUR2 40020084577  030920                                                  0000000107244G                
0110907    00121EUR2 42021409541  020920                                                  0000000169662A                
0710907    00121EUR2 42021409541  030920                                                  0000000169662A                
0110907    00121EUR2 42021554933  020920                                                  0000002370230R                
0710907    00121EUR2 42021554933  030920                                                  0000002370230R                
0110907    00121EUR2 52021409507  020920                                                  0000000034226E                
0710907    00121EUR2 52021409507  030920                                                  0000000034226E                
0110907    00121EUR2 82021381784  020920                                                  0000000029220I                
0710907    00121EUR2 82021381784  030920                                                  0000000029220I                
0110907    00122EUR2 42021361817  020920                                                  0000002091853D                
0710907    00122EUR2 42021361817  030920                                                  0000002091853D                
0110907    00142EUR2 46021757396  020920                                                  0000000087762D                
0710907    00142EUR2 46021757396  030920                                                  0000000087762D                
0110907    00001EUR2 05721996278  030920                                                  0000000033666B                
0710907    00001EUR2 05721996278  040920                                                  0000000033666B                
0110907    00065EUR2 02421268437  030920                                                  0000003184436N                
0410907034200065EUR2E0242126843713040920  040920VIR VI TRESORERIE                A946REQ000000000250000{A946REQ         
0510907034200065EUR2E0242126843713040920     LIBVIR LTC                                                                 
0510907034200065EUR2E0242126843713040920     LIB1/CHATEAU LA TOUR CARNET                                                
0410907050900065EUR2E0242126843706040920  040920VIR REMISE                       0001R2Z000000000247708N0001R2Z         
0510907050900065EUR2E0242126843706040920     LIBSU0BEBVSY5B7Q1B4                                                        
0510907050900065EUR2E0242126843706040920     LIBABSI202480000066579                                                     
0710907    00065EUR2 02421268437  040920                                                  0000003182145}                
0110907    00065EUR2 40020195863  030920                                                  0000000205236C                
0710907    00065EUR2 40020195863  040920                                                  0000000205236C                
0110907    00065EUR2 96021181556  030920                                                  0000000208817F                
0710907    00065EUR2 96021181556  040920                                                  0000000208817F                
0110907    00121EUR2 02021381798  030920                                                  0000020649471K                
0710907    00121EUR2 02021381798  040920                                                  0000020649471K                
0110907    00121EUR2 02021409515  030920                                                  0000000028460H                
0710907    00121EUR2 02021409515  040920                                                  0000000028460H                
0110907    00121EUR2 03722038552  030920                                                  0000000051727A                
0710907    00121EUR2 03722038552  040920                                                  0000000051727A                
0110907    00121EUR2 21020266110  030920                                                  0000000082266I                
0710907    00121EUR2 21020266110  040920                                                  0000000082266I                
0110907    00121EUR2 21020529715  030920                                                  0000000137606{                
0710907    00121EUR2 21020529715  040920                                                  0000000137606{                
0110907    00121EUR2 32021381873  030920                                                  0000006820323J                
0710907    00121EUR2 32021381873  040920                                                  0000006820323J                
0110907    00121EUR2 40020056073  030920                                                  0000000114309D                
0710907    00121EUR2 40020056073  040920                                                  0000000114309D                
0110907    00121EUR2 40020084577  030920                                                  0000000107244G                
0710907    00121EUR2 40020084577  040920                                                  0000000107244G                
0110907    00121EUR2 42021409541  030920                                                  0000000169662A                
0710907    00121EUR2 42021409541  040920                                                  0000000169662A                
0110907    00121EUR2 42021554933  030920                                                  0000002370230R                
0410907034200121EUR2E4202155493313040920  040920VIR VI TRESORERIE                A946OI3000000002200000{A946OI3         
0510907034200121EUR2E4202155493313040920     LIBVIR FB                                                                  
0510907034200121EUR2E4202155493313040920     LIB1/CHATEAU FOMBRAUGE                                                     
0410907050900121EUR2E4202155493306040920  040920VIR REMISE                       0001R2W000000002811585R0001R2W         
0510907050900121EUR2E4202155493306040920     LIBSU0BEC3K6OBLYAO0                                                        
0510907050900121EUR2E4202155493306040920     LIBABSI202480000013628                                                     
0710907    00121EUR2 42021554933  040920                                                  0000002981816Q                
0110907    00121EUR2 52021409507  030920                                                  0000000034226E                
0710907    00121EUR2 52021409507  040920                                                  0000000034226E                
0110907    00121EUR2 82021381784  030920                                                  0000000029220I                
0710907    00121EUR2 82021381784  040920                                                  0000000029220I                
0110907    00122EUR2 42021361817  030920                                                  0000002091853D                
0710907    00122EUR2 42021361817  040920                                                  0000002091853D                
0110907    00142EUR2 46021757396  030920                                                  0000000087762D                
0710907    00142EUR2 46021757396  040920                                                  0000000087762D                
0110907    00001EUR2 05721996278  040920                                                  0000000033666B                
0710907    00001EUR2 05721996278  070920                                                  0000000033666B                
0110907    00065EUR2 02421268437  040920                                                  0000003182145}                
0410907052400065EUR2E0242126843762070920  040920FRAIS REMISE VIR SEPA            0019268100000000000028Q0019268         
0510907052400065EUR2E0242126843762070920     LIBXCMIS001 2020090400019268000001                                         
0510907052400065EUR2E0242126843762070920     LIB16 SCT REMIS                                                            
0710907    00065EUR2 02421268437  070920                                                  0000003182173Q                
0110907    00065EUR2 40020195863  040920                                                  0000000205236C                
0710907    00065EUR2 40020195863  070920                                                  0000000205236C                
0110907    00065EUR2 96021181556  040920                                                  0000000208817F                
0710907    00065EUR2 96021181556  070920                                                  0000000208817F                
0110907    00121EUR2 02021381798  040920                                                  0000020649471K                
0410907053700121EUR2E0202138179808070920  070920PRLV SEPA TOTAL MS               09PFCYN000000000001277M09PFCYN         
0510907053700121EUR2E0202138179808070920     LIB/INV/F0R17285/0087159438 //20200                                        
0510907053700121EUR2E0202138179808070920     LIB++0100CORCCA13087159438                                                 
0510907053700121EUR2E0202138179808070920     NPYBERNARD MAGREZ                                                          
0510907053700121EUR2E0202138179808070920     NBETOTAL MS                                                                
0510907053700121EUR2E0202138179808070920     IBEFR46ZZZ002674                      SEPA                                 
0510907053700121EUR2E0202138179808070920     LCC/INV/F0R17285/0087159438 //20200903-SAGR2                               
0510907053700121EUR2E0202138179808070920     RCNI0000016455039-010032629046632020                                       
0510907053700121EUR2E0202138179808070920     REF2480003BP50                        5820247EE53F8SDT                     
0510907053700121EUR2E0202138179808070920     RUM++0100CORCCA13087159438            RCUR                                 
0510907053700121EUR2E0202138179808070920     CPYFR7610907001210202138179801                                             
0710907    00121EUR2 02021381798  070920                                                  0000020650748O                
0110907    00121EUR2 02021409515  040920                                                  0000000028460H                
0710907    00121EUR2 02021409515  070920                                                  0000000028460H                
0110907    00121EUR2 03722038552  040920                                                  0000000051727A                
0710907    00121EUR2 03722038552  070920                                                  0000000051727A                
0110907    00121EUR2 21020266110  040920                                                  0000000082266I                
0710907    00121EUR2 21020266110  070920                                                  0000000082266I                
0110907    00121EUR2 21020529715  040920                                                  0000000137606{                
0710907    00121EUR2 21020529715  070920                                                  0000000137606{                
0110907    00121EUR2 32021381873  040920                                                  0000006820323J                
0710907    00121EUR2 32021381873  070920                                                  0000006820323J                
0110907    00121EUR2 40020056073  040920                                                  0000000114309D                
0710907    00121EUR2 40020056073  070920                                                  0000000114309D                
0110907    00121EUR2 40020084577  040920                                                  0000000107244G                
0710907    00121EUR2 40020084577  070920                                                  0000000107244G                
0110907    00121EUR2 42021409541  040920                                                  0000000169662A                
0710907    00121EUR2 42021409541  070920                                                  0000000169662A                
0110907    00121EUR2 42021554933  040920                                                  0000002981816Q                
0410907052400121EUR2E4202155493362040920  040920FRAIS REMISE VIR SEPA            0013910100000000000010Q0013910         
0510907052400121EUR2E4202155493362040920     LIBXCMIS001 2020090400013910000001                                         
0510907052400121EUR2E4202155493362040920     LIB6 SCT REMIS                                                             
0410907053700121EUR2E4202155493308070920  070920PRLV SEPA BPCE CAR LEASE         09OX5ND000000000005189R09OX5ND         
0510907053700121EUR2E4202155493308070920     LIBNM-C307755-39756-597250406                                              
0510907053700121EUR2E4202155493308070920     NPYCHATEAU FOMBRAUGE                                                       
0510907053700121EUR2E4202155493308070920     IPY597250406                                                               
0510907053700121EUR2E4202155493308070920     NBEBPCE CAR LEASE                                                          
0510907053700121EUR2E4202155493308070920     IBEFR32ZZZ003605                      SEPA                                 
0510907053700121EUR2E4202155493308070920     RCN202009-09288                                                            
0510907053700121EUR2E4202155493308070920     REF2470003BJ00                        P0925QFR0002S723                     
0510907053700121EUR2E4202155493308070920     RUMNM-C307755-39756-597250406         RCUR                                 
0510907053700121EUR2E4202155493308070920     CPYFR7610907001214202155493325                                             
0710907    00121EUR2 42021554933  070920                                                  0000002987017N                
0110907    00121EUR2 52021409507  040920                                                  0000000034226E                
0710907    00121EUR2 52021409507  070920                                                  0000000034226E                
0110907    00121EUR2 82021381784  040920                                                  0000000029220I                
0710907    00121EUR2 82021381784  070920                                                  0000000029220I                
0110907    00122EUR2 42021361817  040920                                                  0000002091853D                
0710907    00122EUR2 42021361817  070920                                                  0000002091853D                
0110907    00142EUR2 46021757396  040920                                                  0000000087762D                
0710907    00142EUR2 46021757396  070920                                                  0000000087762D                
0110907    00001EUR2 05721996278  070920                                                  0000000033666B                
0710907    00001EUR2 05721996278  080920                                                  0000000033666B                
0110907    00065EUR2 02421268437  070920                                                  0000003182173Q                
0710907    00065EUR2 02421268437  080920                                                  0000003182173Q                
0110907    00065EUR2 40020195863  070920                                                  0000000205236C                
0710907    00065EUR2 40020195863  080920                                                  0000000205236C                
0110907    00065EUR2 96021181556  070920                                                  0000000208817F                
0710907    00065EUR2 96021181556  080920                                                  0000000208817F                
0110907    00121EUR2 02021381798  070920                                                  0000020650748O                
0710907    00121EUR2 02021381798  080920                                                  0000020650748O                
0110907    00121EUR2 02021409515  070920                                                  0000000028460H                
0410907022600121EUR2E0202140951591070920  050920ECHEANCE PRET                    7216498100000000020806M7216498         
0510907022600121EUR2E0202140951591070920     LIBDONT CAP   2027,08 ASS.    0,00E                                        
0510907022600121EUR2E0202140951591070920     LIBINT.    53,56 COM.    0,00E                                             
0710907    00121EUR2 02021409515  080920                                                  0000000007654D                
0110907    00121EUR2 03722038552  070920                                                  0000000051727A                
0710907    00121EUR2 03722038552  080920                                                  0000000051727A                
0110907    00121EUR2 21020266110  070920                                                  0000000082266I                
0710907    00121EUR2 21020266110  080920                                                  0000000082266I                
0110907    00121EUR2 21020529715  070920                                                  0000000137606{                
0710907    00121EUR2 21020529715  080920                                                  0000000137606{                
0110907    00121EUR2 32021381873  070920                                                  0000006820323J                
0710907    00121EUR2 32021381873  080920                                                  0000006820323J                
0110907    00121EUR2 40020056073  070920                                                  0000000114309D                
0710907    00121EUR2 40020056073  080920                                                  0000000114309D                
0110907    00121EUR2 40020084577  070920                                                  0000000107244G                
0710907    00121EUR2 40020084577  080920                                                  0000000107244G                
0110907    00121EUR2 42021409541  070920                                                  0000000169662A                
0710907    00121EUR2 42021409541  080920                                                  0000000169662A                
0110907    00121EUR2 42021554933  070920                                                  0000002987017N                
0710907    00121EUR2 42021554933  080920                                                  0000002987017N                
0110907    00121EUR2 52021409507  070920                                                  0000000034226E                
0710907    00121EUR2 52021409507  080920                                                  0000000034226E                
0110907    00121EUR2 82021381784  070920                                                  0000000029220I                
0710907    00121EUR2 82021381784  080920                                                  0000000029220I                
0110907    00122EUR2 42021361817  070920                                                  0000002091853D                
0410907050500122EUR2E4202136181705080920  080920EVI EARL SEAN M.MEYNARD          BJRPJGT000000000094500{BJRPJGT         
0510907050500122EUR2E4202136181705080920     NPYEARL SEAN M.MEYNARD                                                     
0510907050500122EUR2E4202136181705080920     RCNNOTPROVIDED                                                             
0510907050500122EUR2E4202136181705080920     MMOEUR20000000094500000                                                    
0710907    00122EUR2 42021361817  080920                                                  0000002186353D                
0110907    00142EUR2 46021757396  070920                                                  0000000087762D                
0710907    00142EUR2 46021757396  080920                                                  0000000087762D                
