0130004    01349EUR2 00010060211  030620                                                  0000001776970F                
0430004RLV 01349EUR2 0001006021109030620  030620VIRT SEPA RECU                            0000000003720{/FRM SOCIETE VAL
0530004RLV 01349EUR2 0001006021109030620  030620/FRM SOCIETE VALET /EID F/13517 /RNF 40100002                           
0430004RLV 01349EUR2 0001006021109030620  030620VIRT SEPA RECU                            0000000009319{/FRM SND /EID LO
0530004RLV 01349EUR2 0001006021109030620  030620/FRM SND /EID LOT1098REF09 /RNF                                         
0430004RLV 01349EUR2 0001006021109030620  030620VIRT SEPA RECU                            0000000002972H/FRM SND /EID LO
0530004RLV 01349EUR2 0001006021109030620  030620/FRM SND /EID LOT1098REF013 /RNF                                        
0430004RLV 01349EUR2 0001006021109030620  030620VIRT SEPA RECU                            0000000004243{/FRM SND /EID LO
0530004RLV 01349EUR2 0001006021109030620  030620/FRM SND /EID LOT1098REF012 /RNF                                        
0430004RLV 01349EUR2 0001006021109030620  030620VIRT SEPA RECU                            0000000008560H/FRM SND /EID LO
0530004RLV 01349EUR2 0001006021109030620  030620/FRM SND /EID LOT1098REF011 /RNF                                        
0430004RLV 01349EUR2 0001006021109030620  030620VIRT SEPA RECU                            0000000002680F/FRM SND /EID LO
0530004RLV 01349EUR2 0001006021109030620  030620/FRM SND /EID LOT1098REF010 /RNF                                        
0430004RLV 01349EUR2 0001006021109030620  030620VIRT SEPA RECU                            0000000005322A/FRM SERMATI /EI
0530004RLV 01349EUR2 0001006021109030620  030620/FRM SERMATI /EID X /RNF 605000 FLUOROTECHNIQUE                         
0430004RLV 01349EUR2 0001006021109030620  030620VIRT SEPA RECU                            0000000009480{/FRM SAMES KREML
0530004RLV 01349EUR2 0001006021109030620  030620/FRM SAMES KREMLIN /EID 80000058080000100034 /RNF 01296 FE 113087, 01296
0430004RLV 01349EUR2 0001006021109030620  030620VIRT SEPA RECU                            0000000051939C/FRM PROENGIN /E
0530004RLV 01349EUR2 0001006021109030620  030620/FRM PROENGIN /EID 03/233+234 /RNF 113057/113059                        
0430004RLV 01349EUR2 0001006021109030620  030620VIRT SEPA RECU                            0000000003195G/FRM P.M.P. /EID
0530004RLV 01349EUR2 0001006021109030620  030620/FRM P.M.P. /EID  /RNF CLT PMP FAC 113242                               
0430004RLV 01349EUR2 0001006021109030620  030620VIRT SEPA RECU                            0000000001463E/FRM LIEBHERR-AE
0530004RLV 01349EUR2 0001006021109030620  030620/FRM LIEBHERR-AEROSPACE TOULOUSE SAS LIEBHERR-AEROSPACE TOULOUSE /EID SE
0430004RLV 01349EUR2 0001006021109030620  030620VIRT SEPA RECU                            0000000002340{/FRM IMV TECHNOL
0530004RLV 01349EUR2 0001006021109030620  030620/FRM IMV TECHNOLOGIES /EID 00061248 /RNF 113157                         
0430004RLV 01349EUR2 0001006021109030620  030620VIRT SEPA RECU                            0000000007900F/FRM ETS VEGA /E
0530004RLV 01349EUR2 0001006021109030620  030620/FRM ETS VEGA /EID FA113206/411077165 /RNF                              
0430004RLV 01349EUR2 0001006021109030620  030620VIRT SEPA RECU                            0000000004950{/FRM ESCRIBANO M
0530004RLV 01349EUR2 0001006021109030620  030620/FRM ESCRIBANO MECHANICAL   EN /EID  /RNF                               
0430004RLV 01349EUR2 0001006021108030620  030620VIRT SEPA EMIS                            0000000000298L/MOTIF SALAIRE M
0530004RLV 01349EUR2 0001006021108030620  030620/MOTIF SALAIRE MAI 2 LEMORE /BEN LEMORE GINO /REFDO SALAIRE MAI /REF SAL
0430004RLV 01349EUR2 0001006021108030620  030620VIRT SEPA EMIS                            0000000001174K/MOTIF SALAIRE M
0530004RLV 01349EUR2 0001006021108030620  030620/MOTIF SALAIRE MAI 2 DE SEROUX /BEN CHRISTIAN DE SEROUX /REFDO SALAIRE M
0430004RLV 01349EUR2 0001006021108030620  030620COMMISSIONS                               0000000001058MFACTURE NUMERO 2
0530004RLV 01349EUR2 0001006021108030620  030620FACTURE NUMERO 20200601062068571                                        
0730004    01349EUR2 00010060211  030620                                                  0000001776970F                
