0113335RLV 00301EUR2 08000128045  010920BERNARD MAGREZ SAS               COMPTE COURANT   0000001224061F        10050115
0713335RLV 00301EUR2 08000128045  020920                                                  0000001224061F                
0113335RLV 00301EUR2 08000129459  010920CHATEAU FOMBRAUGE SC             COMPTE COURANT   0000000012102{        10050115
0713335RLV 00301EUR2 08000129459  020920                                                  0000000012102{                
0113335RLV 00301EUR2 08000129560  010920CHATEAU PAPE CLEMENT SAS         COMPTE COURANT   0000000875952H        10050115
0713335RLV 00301EUR2 08000129560  020920                                                  0000000875952H                
0113335RLV 00301EUR2 08000129661  010920B MAGREZ CHATEAU LA TOUR CARNET  COMPTE COURANT   0000000133877F        10050115
0713335RLV 00301EUR2 08000129661  020920                                                  0000000133877F                
0113335RLV 00301EUR2 08000130873  010920BERNARD MAGREZ GRANDS VIGNOBLES  COMPTE COURANT   0000000026838H        10050115
0713335RLV 00301EUR2 08000130873  020920                                                  0000000026838H                
0113335RLV 00301EUR2 08000622644  010920BERNARD MAGREZ PROPRIETES MAGREZ COMPTE COURANT   0000000142477H        10050115
0713335RLV 00301EUR2 08000622644  020920                                                  0000000142477H                
0113335RLV 00301EUR2 08000942037  010920BERNARD MAGREZ SES VIGNOBLES DU  COMPTE COURANT   0000000301133B        10050115
0713335RLV 00301EUR2 08000942037  020920                                                  0000000301133B                
0113335RLV 00301EUR2 08001111684  010920BERNARD MAGREZ-DOMAINES MAGREZ   COMPTE COURANT   0000000131148C        10050115
0713335RLV 00301EUR2 08001111684  020920                                                  0000000131148C                
0113335RLV 00301EUR2 08002168378  010920BERNARD MAGREZ LUXURY HOTELS     COMPTE COURANT   0000000325450F        10050115
0713335RLV 00301EUR2 08002168378  020920                                                  0000000325450F                
0113335RLV 00301EUR2 08002374304  010920B MAGREZ CLOS HAUT PEYRAGUEY     COMPTE COURANT   0000000582155E        10050115
0713335RLV 00301EUR2 08002374304  020920                                                  0000000582155E                
0113335RLV 00301EUR2 08002655806  010920BM LUXURY WINE EXPERIENCE        COMPTE COURANT   0000000164623B        10050115
0713335RLV 00301EUR2 08002655806  020920                                                  0000000164623B                
0113335RLV 00301EUR2 08003554973  010920CHATEAU PAPE CLEMENT SAS         Cpte d{di{ Achat 0000000109797I        10050115
0713335RLV 00301EUR2 08003554973  020920                                                  0000000109797I                
0113335RLV 00301EUR2 08000128045  020920BERNARD MAGREZ SAS               COMPTE COURANT   0000001224061F        10050115
0413335RLV 00301EUR2E0800012804562030920  030920* Abo CE net EDI                 81083461 0000000001607J                
0413335RLV 00301EUR2E0800012804562030920  030920* 0000006 Mvt(s) VIR treso       81813821 0000000000450}                
0413335RLV 00301EUR2E0800012804562030920  030920* 0000072 Mvt(s) VIR             81461791 0000000000151K                
0713335RLV 00301EUR2 08000128045  030920                                                  0000001221853C                
0113335RLV 00301EUR2 08000129459  020920CHATEAU FOMBRAUGE SC             COMPTE COURANT   0000000012102{        10050115
0413335RLV 00301EUR2E0800012945962030920  030920* FRAIS ABO CE NET CPTES         81998291 0000000000100}                
0713335RLV 00301EUR2 08000129459  030920                                                  0000000012002{                
0113335RLV 00301EUR2 08000129560  020920CHATEAU PAPE CLEMENT SAS         COMPTE COURANT   0000000875952H        10050115
0413335RLV 00301EUR2E0800012956062030920  030920* FRAIS ABO CE NET CPTES         82242211 0000000000100}                
0713335RLV 00301EUR2 08000129560  030920                                                  0000000875852H                
0113335RLV 00301EUR2 08000129661  020920B MAGREZ CHATEAU LA TOUR CARNET  COMPTE COURANT   0000000133877F        10050115
0413335RLV 00301EUR2E0800012966162030920  030920* FRAIS ABO CE NET CPTES         82478311 0000000000100}                
0713335RLV 00301EUR2 08000129661  030920                                                  0000000133777F                
0113335RLV 00301EUR2 08000130873  020920BERNARD MAGREZ GRANDS VIGNOBLES  COMPTE COURANT   0000000026838H        10050115
0413335RLV 00301EUR2E0800013087362030920  030920* FRAIS ABO CE NET CPTES         83022401 0000000000100}                
0713335RLV 00301EUR2 08000130873  030920                                                  0000000026738H                
0113335RLV 00301EUR2 08000622644  020920BERNARD MAGREZ PROPRIETES MAGREZ COMPTE COURANT   0000000142477H        10050115
0413335RLV 00301EUR2E0800062264462030920  030920* FRAIS ABO CE NET CPTES         47134041 0000000000100}                
0713335RLV 00301EUR2 08000622644  030920                                                  0000000142377H                
0113335RLV 00301EUR2 08000942037  020920BERNARD MAGREZ SES VIGNOBLES DU  COMPTE COURANT   0000000301133B        10050115
0413335RLV 00301EUR2E0800094203762030920  030920* FRAIS ABO CE NET CPTES         98698231 0000000000100}                
0713335RLV 00301EUR2 08000942037  030920                                                  0000000301033B                
0113335RLV 00301EUR2 08001111684  020920BERNARD MAGREZ-DOMAINES MAGREZ   COMPTE COURANT   0000000131148C        10050115
0713335RLV 00301EUR2 08001111684  030920                                                  0000000131148C                
0113335RLV 00301EUR2 08002168378  020920BERNARD MAGREZ LUXURY HOTELS     COMPTE COURANT   0000000325450F        10050115
0713335RLV 00301EUR2 08002168378  030920                                                  0000000325450F                
0113335RLV 00301EUR2 08002374304  020920B MAGREZ CLOS HAUT PEYRAGUEY     COMPTE COURANT   0000000582155E        10050115
0713335RLV 00301EUR2 08002374304  030920                                                  0000000582155E                
0113335RLV 00301EUR2 08002655806  020920BM LUXURY WINE EXPERIENCE        COMPTE COURANT   0000000164623B        10050115
0413335RLV 00301EUR2E0800265580662030920  030920* FRAIS ABO CE NET CPTES         15226871 0000000000100}                
0713335RLV 00301EUR2 08002655806  030920                                                  0000000164523B                
0113335RLV 00301EUR2 08003554973  020920CHATEAU PAPE CLEMENT SAS         Cpte d{di{ Achat 0000000109797I        10050115
0713335RLV 00301EUR2 08003554973  030920                                                  0000000109797I                
0113335RLV 00301EUR2 08000128045  030920BERNARD MAGREZ SAS               COMPTE COURANT   0000001221853C        10050115
0713335RLV 00301EUR2 08000128045  040920                                                  0000001221853C                
0113335RLV 00301EUR2 08000129459  030920CHATEAU FOMBRAUGE SC             COMPTE COURANT   0000000012002{        10050115
0713335RLV 00301EUR2 08000129459  040920                                                  0000000012002{                
0113335RLV 00301EUR2 08000129560  030920CHATEAU PAPE CLEMENT SAS         COMPTE COURANT   0000000875852H        10050115
0413335RLV 00301EUR2E0800012956006040920  040920REM VIR SEPA N  AVRJM 04/09/20   92721690 0000000241007K                
0513335RLV 00301EUR2E0800012956006040920     LIBSU0BCQYASZ2Q48HS                                                        
0513335RLV 00301EUR2E0800012956006040920     NPYPAPE CLEMENT                                                            
0513335RLV 00301EUR2E0800012956006040920     REFSU0BCQYASZ2Q48HS                                                        
0413335RLV 00301EUR2E0800012956013040920  0409201 CHATEAU PAPE CLEMENT           49312841 0000005300000{                
0513335RLV 00301EUR2E0800012956013040920     LIBVIR PC CIC                                                              
0713335RLV 00301EUR2 08000129560  040920                                                  0000005934845F                
0113335RLV 00301EUR2 08000129661  030920B MAGREZ CHATEAU LA TOUR CARNET  COMPTE COURANT   0000000133777F        10050115
0413335RLV 00301EUR2E0800012966105040920  040920VIR SEPA UNION DES GRANDS CRUS   08471581 0000000050676{                
0513335RLV 00301EUR2E0800012966105040920     LIBFAM Factures echantillons 2019                                          
0513335RLV 00301EUR2E0800012966105040920     NPYUNION DES GRANDS CRUS DE BORDEAU                                        
0513335RLV 00301EUR2E0800012966105040920     NBEChateau La Tour Carnet                                                  
0513335RLV 00301EUR2E0800012966105040920     LCCFAM Factures echantillons 2019                                          
0513335RLV 00301EUR2E0800012966105040920     RCN032020241250664900000008                                                
0713335RLV 00301EUR2 08000129661  040920                                                  0000000184453F                
0113335RLV 00301EUR2 08000130873  030920BERNARD MAGREZ GRANDS VIGNOBLES  COMPTE COURANT   0000000026738H        10050115
0413335RLV 00301EUR2E0800013087313040920  0409201 BERNARD MAGREZ GRANDS          43486221 0000000100000{                
0513335RLV 00301EUR2E0800013087313040920     LIBVIR BMGV                                                                
0713335RLV 00301EUR2 08000130873  040920                                                  0000000126738H                
0113335RLV 00301EUR2 08000622644  030920BERNARD MAGREZ PROPRIETES MAGREZ COMPTE COURANT   0000000142377H        10050115
0413335RLV 00301EUR2E0800062264413040920  0409201 BERNARD MAGREZ-PROPRIE         56195541 0000000250000{                
0513335RLV 00301EUR2E0800062264413040920     LIBVIR BMPM                                                                
0713335RLV 00301EUR2 08000622644  040920                                                  0000000392377H                
0113335RLV 00301EUR2 08000942037  030920BERNARD MAGREZ SES VIGNOBLES DU  COMPTE COURANT   0000000301033B        10050115
0413335RLV 00301EUR2E0800094203713040920  0409201 BERNARD MAGREZ SES VIG         44266211 0000000500000{                
0513335RLV 00301EUR2E0800094203713040920     LIBVIR BMGVP                                                               
0713335RLV 00301EUR2 08000942037  040920                                                  0000000801033B                
0113335RLV 00301EUR2 08001111684  030920BERNARD MAGREZ-DOMAINES MAGREZ   COMPTE COURANT   0000000131148C        10050115
0713335RLV 00301EUR2 08001111684  040920                                                  0000000131148C                
0113335RLV 00301EUR2 08002168378  030920BERNARD MAGREZ LUXURY HOTELS     COMPTE COURANT   0000000325450F        10050115
0713335RLV 00301EUR2 08002168378  040920                                                  0000000325450F                
0113335RLV 00301EUR2 08002374304  030920B MAGREZ CLOS HAUT PEYRAGUEY     COMPTE COURANT   0000000582155E        10050115
0713335RLV 00301EUR2 08002374304  040920                                                  0000000582155E                
0113335RLV 00301EUR2 08002655806  030920BM LUXURY WINE EXPERIENCE        COMPTE COURANT   0000000164523B        10050115
0713335RLV 00301EUR2 08002655806  040920                                                  0000000164523B                
0113335RLV 00301EUR2 08003554973  030920CHATEAU PAPE CLEMENT SAS         Cpte d{di{ Achat 0000000109797I        10050115
0713335RLV 00301EUR2 08003554973  040920                                                  0000000109797I                
0113335RLV 00301EUR2 08000128045  040920BERNARD MAGREZ SAS               COMPTE COURANT   0000001221853C        10050115
0713335RLV 00301EUR2 08000128045  050920                                                  0000001221853C                
0113335RLV 00301EUR2 08000129459  040920CHATEAU FOMBRAUGE SC             COMPTE COURANT   0000000012002{        10050115
0713335RLV 00301EUR2 08000129459  050920                                                  0000000012002{                
0113335RLV 00301EUR2 08000129560  040920CHATEAU PAPE CLEMENT SAS         COMPTE COURANT   0000005934845F        10050115
0713335RLV 00301EUR2 08000129560  050920                                                  0000005934845F                
0113335RLV 00301EUR2 08000129661  040920B MAGREZ CHATEAU LA TOUR CARNET  COMPTE COURANT   0000000184453F        10050115
0713335RLV 00301EUR2 08000129661  050920                                                  0000000184453F                
0113335RLV 00301EUR2 08000130873  040920BERNARD MAGREZ GRANDS VIGNOBLES  COMPTE COURANT   0000000126738H        10050115
0713335RLV 00301EUR2 08000130873  050920                                                  0000000126738H                
0113335RLV 00301EUR2 08000622644  040920BERNARD MAGREZ PROPRIETES MAGREZ COMPTE COURANT   0000000392377H        10050115
0713335RLV 00301EUR2 08000622644  050920                                                  0000000392377H                
0113335RLV 00301EUR2 08000942037  040920BERNARD MAGREZ SES VIGNOBLES DU  COMPTE COURANT   0000000801033B        10050115
0713335RLV 00301EUR2 08000942037  050920                                                  0000000801033B                
0113335RLV 00301EUR2 08001111684  040920BERNARD MAGREZ-DOMAINES MAGREZ   COMPTE COURANT   0000000131148C        10050115
0713335RLV 00301EUR2 08001111684  050920                                                  0000000131148C                
0113335RLV 00301EUR2 08002168378  040920BERNARD MAGREZ LUXURY HOTELS     COMPTE COURANT   0000000325450F        10050115
0713335RLV 00301EUR2 08002168378  050920                                                  0000000325450F                
0113335RLV 00301EUR2 08002374304  040920B MAGREZ CLOS HAUT PEYRAGUEY     COMPTE COURANT   0000000582155E        10050115
0713335RLV 00301EUR2 08002374304  050920                                                  0000000582155E                
0113335RLV 00301EUR2 08002655806  040920BM LUXURY WINE EXPERIENCE        COMPTE COURANT   0000000164523B        10050115
0713335RLV 00301EUR2 08002655806  050920                                                  0000000164523B                
0113335RLV 00301EUR2 08003554973  040920CHATEAU PAPE CLEMENT SAS         Cpte d{di{ Achat 0000000109797I        10050115
0713335RLV 00301EUR2 08003554973  050920                                                  0000000109797I                
0113335RLV 00301EUR2 08000128045  050920BERNARD MAGREZ SAS               COMPTE COURANT   0000001221853C        10050115
0413335RLV 00301EUR2E0800012804501070920  070920CHEQUE N 9496989                 94969890 0000000030360}                
0513335RLV 00301EUR2E0800012804501070920     LIBDATE DE REGLEMENT   07/09/20                                            
0713335RLV 00301EUR2 08000128045  070920                                                  0000001191493C                
0113335RLV 00301EUR2 08000129459  050920CHATEAU FOMBRAUGE SC             COMPTE COURANT   0000000012002{        10050115
0713335RLV 00301EUR2 08000129459  070920                                                  0000000012002{                
0113335RLV 00301EUR2 08000129560  050920CHATEAU PAPE CLEMENT SAS         COMPTE COURANT   0000005934845F        10050115
0413335RLV 00301EUR2E0800012956001070920  070920CHEQUE N 0001284                 00012840 0000000002605K                
0513335RLV 00301EUR2E0800012956001070920     LIBDATE DE REGLEMENT   07/09/20                                            
0413335RLV 00301EUR2E0800012956001070920  070920CHEQUE N 0001288                 00012880 0000000004629O                
0513335RLV 00301EUR2E0800012956001070920     LIBDATE DE REGLEMENT   07/09/20                                            
0413335RLV 00301EUR2E0800012956001070920  070920CHEQUE N 0001290                 00012900 0000000001704}                
0513335RLV 00301EUR2E0800012956001070920     LIBDATE DE REGLEMENT   07/09/20                                            
0413335RLV 00301EUR2E0800012956001070920  070920CHEQUE N 0001301                 00013010 0000000199525O                
0513335RLV 00301EUR2E0800012956001070920     LIBDATE DE REGLEMENT   07/09/20                                            
0713335RLV 00301EUR2 08000129560  070920                                                  0000005726381B                
0113335RLV 00301EUR2 08000129661  050920B MAGREZ CHATEAU LA TOUR CARNET  COMPTE COURANT   0000000184453F        10050115
0713335RLV 00301EUR2 08000129661  070920                                                  0000000184453F                
0113335RLV 00301EUR2 08000130873  050920BERNARD MAGREZ GRANDS VIGNOBLES  COMPTE COURANT   0000000126738H        10050115
0713335RLV 00301EUR2 08000130873  070920                                                  0000000126738H                
0113335RLV 00301EUR2 08000622644  050920BERNARD MAGREZ PROPRIETES MAGREZ COMPTE COURANT   0000000392377H        10050115
0713335RLV 00301EUR2 08000622644  070920                                                  0000000392377H                
0113335RLV 00301EUR2 08000942037  050920BERNARD MAGREZ SES VIGNOBLES DU  COMPTE COURANT   0000000801033B        10050115
0713335RLV 00301EUR2 08000942037  070920                                                  0000000801033B                
0113335RLV 00301EUR2 08001111684  050920BERNARD MAGREZ-DOMAINES MAGREZ   COMPTE COURANT   0000000131148C        10050115
0713335RLV 00301EUR2 08001111684  070920                                                  0000000131148C                
0113335RLV 00301EUR2 08002168378  050920BERNARD MAGREZ LUXURY HOTELS     COMPTE COURANT   0000000325450F        10050115
0413335RLV 00301EUR2E0800216837805070920  070920VIR SEPA GC re TripAdvisor       58852231 0000000001082A                
0513335RLV 00301EUR2E0800216837805070920     LIBSCOR                                                                    
0513335RLV 00301EUR2E0800216837805070920     NPYGC re TripAdvisor                                                       
0513335RLV 00301EUR2E0800216837805070920     NBECristini Emilie                                                         
0513335RLV 00301EUR2E0800216837805070920     NPOTRIPADVISOR LIMITED                                                     
0513335RLV 00301EUR2E0800216837805070920     IPOGB27BOFA16505055517050                                                  
0513335RLV 00301EUR2E0800216837805070920     LCCSCOR                                   TRIPADVISORL S7B4Y               
0513335RLV 00301EUR2E0800216837805070920     RCNTripAdvisor CT00192NFMT4B4                                              
0713335RLV 00301EUR2 08002168378  070920                                                  0000000326532G                
0113335RLV 00301EUR2 08002374304  050920B MAGREZ CLOS HAUT PEYRAGUEY     COMPTE COURANT   0000000582155E        10050115
0713335RLV 00301EUR2 08002374304  070920                                                  0000000582155E                
0113335RLV 00301EUR2 08002655806  050920BM LUXURY WINE EXPERIENCE        COMPTE COURANT   0000000164523B        10050115
0713335RLV 00301EUR2 08002655806  070920                                                  0000000164523B                
0113335RLV 00301EUR2 08003554973  050920CHATEAU PAPE CLEMENT SAS         Cpte d{di{ Achat 0000000109797I        10050115
0713335RLV 00301EUR2 08003554973  070920                                                  0000000109797I                
0113335RLV 00301EUR2 08000128045  070920BERNARD MAGREZ SAS               COMPTE COURANT   0000001191493C        10050115
0413335RLV 00301EUR2E0800012804572080920  050920BILLET FINANCIER N 012678        57134151 0000050000000}                
0413335RLV 00301EUR2E0800012804571080920  050920BILLET FINANCIER N 013021        29565001 0000050000000{                
0413335RLV 00301EUR2E0800012804570080920  050920INTERETS BILLET FINANCIER        63366731 0000000029726}                
0513335RLV 00301EUR2E0800012804570080920     LIBBILLET N 013021                                                         
0413335RLV 00301EUR2E0800012804562080920  070920COMMISSION BILLET FINANCIER      71786281 0000000000046}                
0513335RLV 00301EUR2E0800012804562080920     LIBBILLET N 013021                                                         
0713335RLV 00301EUR2 08000128045  080920                                                  0000001161721C                
0113335RLV 00301EUR2 08000129459  070920CHATEAU FOMBRAUGE SC             COMPTE COURANT   0000000012002{        10050115
0413335RLV 00301EUR2E0800012945972080920  050920BILLET FINANCIER N 012682        62249441 0000003000000}                
0413335RLV 00301EUR2E0800012945971080920  050920BILLET FINANCIER N 013024        31927951 0000003000000{                
0413335RLV 00301EUR2E0800012945970080920  050920INTERETS BILLET FINANCIER        63946711 0000000001783O                
0513335RLV 00301EUR2E0800012945970080920     LIBBILLET N 013024                                                         
0413335RLV 00301EUR2E08000129459B1080920  070920PRLV BPCE CAR LEASE              61663631 0000000005944Q                
0513335RLV 00301EUR2E08000129459B1080920     LIB2024727G10149112                                                        
0413335RLV 00301EUR2E0800012945962080920  070920COMMISSION BILLET FINANCIER      72344841 0000000000046}                
0513335RLV 00301EUR2E0800012945962080920     LIBBILLET N 013024                                                         
0713335RLV 00301EUR2 08000129459  080920                                                  0000000004227F                
0113335RLV 00301EUR2 08000129560  070920CHATEAU PAPE CLEMENT SAS         COMPTE COURANT   0000005726381B        10050115
0413335RLV 00301EUR2E0800012956001080920  080920CHEQUE N 0001291                 00012910 0000000121410L                
0513335RLV 00301EUR2E0800012956001080920     LIBDATE DE REGLEMENT   08/09/20                                            
0413335RLV 00301EUR2E0800012956001080920  080920CHEQUE N 0001292                 00012920 0000000015536M                
0513335RLV 00301EUR2E0800012956001080920     LIBDATE DE REGLEMENT   08/09/20                                            
0413335RLV 00301EUR2E0800012956001080920  080920CHEQUE N 0001293                 00012930 0000000002769J                
0513335RLV 00301EUR2E0800012956001080920     LIBDATE DE REGLEMENT   08/09/20                                            
0413335RLV 00301EUR2E0800012956001080920  080920CHEQUE N 0001295                 00012950 0000000007938Q                
0513335RLV 00301EUR2E0800012956001080920     LIBDATE DE REGLEMENT   08/09/20                                            
0413335RLV 00301EUR2E0800012956001080920  080920CHEQUE N 0001299                 00012990 0000000001419Q                
0513335RLV 00301EUR2E0800012956001080920     LIBDATE DE REGLEMENT   08/09/20                                            
0413335RLV 00301EUR2E08000129560B1080920  080920*NM-C301873-0BPCE CAR LEASE      74104461 0000000007419L                
0513335RLV 00301EUR2E08000129560B1080920     LIB*NM C301873 0BPCE CAR LEASE                                             
0513335RLV 00301EUR2E08000129560B1080920     NPYCHATEAU PAPE CLEMENT                                                    
0513335RLV 00301EUR2E08000129560B1080920     IPYFR86775583636                      ORGID                                
0513335RLV 00301EUR2E08000129560B1080920     RCN202009 05792                                                            
0513335RLV 00301EUR2E08000129560B1080920     RUMNM C301873 09968 775583636         RCUR                                 
0513335RLV 00301EUR2E08000129560B1080920     CPYFR7613335003010800012956080                                             
0513335RLV 00301EUR2E08000129560B1080920     NBEBPCE CAR LEASE                                                          
0513335RLV 00301EUR2E08000129560B1080920     IBEFR32ZZZ003605                      SEPA                                 
0713335RLV 00301EUR2 08000129560  080920                                                  0000005569887E                
0113335RLV 00301EUR2 08000129661  070920B MAGREZ CHATEAU LA TOUR CARNET  COMPTE COURANT   0000000184453F        10050115
0413335RLV 00301EUR2E0800012966172080920  050920BILLET FINANCIER N 012681        42908141 0000012600000}                
0413335RLV 00301EUR2E0800012966171080920  050920BILLET FINANCIER N 013020        32904931 0000012600000{                
0413335RLV 00301EUR2E0800012966170080920  050920INTERETS BILLET FINANCIER        64893981 0000000007491}                
0513335RLV 00301EUR2E0800012966170080920     LIBBILLET N 013020                                                         
0413335RLV 00301EUR2E08000129661B1080920  070920PRLV BPCE CAR LEASE              42200381 0000000010208Q                
0513335RLV 00301EUR2E08000129661B1080920     LIB2024727G10149140                                                        
0413335RLV 00301EUR2E0800012966162080920  070920COMMISSION BILLET FINANCIER      72794841 0000000000046}                
0513335RLV 00301EUR2E0800012966162080920     LIBBILLET N 013020                                                         
0713335RLV 00301EUR2 08000129661  080920                                                  0000000166707H                
0113335RLV 00301EUR2 08000130873  070920BERNARD MAGREZ GRANDS VIGNOBLES  COMPTE COURANT   0000000126738H        10050115
0713335RLV 00301EUR2 08000130873  080920                                                  0000000126738H                
0113335RLV 00301EUR2 08000622644  070920BERNARD MAGREZ PROPRIETES MAGREZ COMPTE COURANT   0000000392377H        10050115
0413335RLV 00301EUR2E0800062264401080920  080920CHEQUE N 9636618                 96366180 0000000000752R                
0513335RLV 00301EUR2E0800062264401080920     LIBDATE DE REGLEMENT   08/09/20                                            
0413335RLV 00301EUR2E08000622644B1080920  080920*NM-C307788-3BPCE CAR LEASE      78370271 0000000006926}                
0513335RLV 00301EUR2E08000622644B1080920     LIB*NM C307788 3BPCE CAR LEASE                                             
0513335RLV 00301EUR2E08000622644B1080920     NPYBERNARD MAGREZ PROPRIETES MAGREZ                                        
0513335RLV 00301EUR2E08000622644B1080920     IPYFR39417805199                      ORGID                                
0513335RLV 00301EUR2E08000622644B1080920     RCN202009 09313                                                            
0513335RLV 00301EUR2E08000622644B1080920     RUMNM C307788 39880 417805199         RCUR                                 
0513335RLV 00301EUR2E08000622644B1080920     CPYFR7613335003010800062264478                                             
0513335RLV 00301EUR2E08000622644B1080920     NBEBPCE CAR LEASE                                                          
0513335RLV 00301EUR2E08000622644B1080920     IBEFR32ZZZ003605                      SEPA                                 
0713335RLV 00301EUR2 08000622644  080920                                                  0000000384698I                
0113335RLV 00301EUR2 08000942037  070920BERNARD MAGREZ SES VIGNOBLES DU  COMPTE COURANT   0000000801033B        10050115
0413335RLV 00301EUR2E0800094203772080920  050920BILLET FINANCIER N 012679        80590191 0000050000000}                
0413335RLV 00301EUR2E0800094203771080920  050920BILLET FINANCIER N 013022        34414061 0000050000000{                
0413335RLV 00301EUR2E0800094203770080920  050920INTERETS BILLET FINANCIER        67398881 0000000029726}                
0513335RLV 00301EUR2E0800094203770080920     LIBBILLET N 013022                                                         
0413335RLV 00301EUR2E08000942037B1080920  070920PRLV BPCE CAR LEASE              75914931 0000000006300M                
0513335RLV 00301EUR2E08000942037B1080920     LIB2024727G10149072                                                        
0413335RLV 00301EUR2E08000942037B1080920  070920PRLV BPCE CAR LEASE              75404921 0000000012329}                
0513335RLV 00301EUR2E08000942037B1080920     LIB2024727G10149187                                                        
0413335RLV 00301EUR2E0800094203762080920  070920COMMISSION BILLET FINANCIER      73929221 0000000000046}                
0513335RLV 00301EUR2E0800094203762080920     LIBBILLET N 013022                                                         
0713335RLV 00301EUR2 08000942037  080920                                                  0000000752631H                
0113335RLV 00301EUR2 08001111684  070920BERNARD MAGREZ-DOMAINES MAGREZ   COMPTE COURANT   0000000131148C        10050115
0413335RLV 00301EUR2E0800111168472080920  050920BILLET FINANCIER N 012680        65305081 0000002700000}                
0413335RLV 00301EUR2E0800111168471080920  050920BILLET FINANCIER N 013023        35942691 0000002700000{                
0413335RLV 00301EUR2E0800111168470080920  050920INTERETS BILLET FINANCIER        68459701 0000000001605K                
0513335RLV 00301EUR2E0800111168470080920     LIBBILLET N 013023                                                         
0413335RLV 00301EUR2E0800111168462080920  070920COMMISSION BILLET FINANCIER      74727521 0000000000046}                
0513335RLV 00301EUR2E0800111168462080920     LIBBILLET N 013023                                                         
0713335RLV 00301EUR2 08001111684  080920                                                  0000000129497A                
0113335RLV 00301EUR2 08002168378  070920BERNARD MAGREZ LUXURY HOTELS     COMPTE COURANT   0000000326532G        10050115
0713335RLV 00301EUR2 08002168378  080920                                                  0000000326532G                
0113335RLV 00301EUR2 08002374304  070920B MAGREZ CLOS HAUT PEYRAGUEY     COMPTE COURANT   0000000582155E        10050115
0713335RLV 00301EUR2 08002374304  080920                                                  0000000582155E                
0113335RLV 00301EUR2 08002655806  070920BM LUXURY WINE EXPERIENCE        COMPTE COURANT   0000000164523B        10050115
0713335RLV 00301EUR2 08002655806  080920                                                  0000000164523B                
0113335RLV 00301EUR2 08003554973  070920CHATEAU PAPE CLEMENT SAS         Cpte d{di{ Achat 0000000109797I        10050115
0713335RLV 00301EUR2 08003554973  080920                                                  0000000109797I                
