0130004    01349EUR2 00010060211  021020                                                  0000002007623G                
0430004RLV 01349EUR2 0001006021109021020  021020VIRT SEPA RECU                            0000000007990{/FRM VANHULEN /E
0530004RLV 01349EUR2 0001006021109021020  021020/FRM VANHULEN /EID 00037693 /RNF 114442/411000227                       
0430004RLV 01349EUR2 0001006021109021020  021020VIRT SEPA RECU                            0000000005163G/FRM RADIALL /EI
0530004RLV 01349EUR2 0001006021109021020  021020/FRM RADIALL /EID 4020008406 /RNF /INV/114649 31.8.2020                 
0430004RLV 01349EUR2 0001006021109021020  021020VIRT SEPA RECU                            0000000007779G/FRM MECANIC CEN
0530004RLV 01349EUR2 0001006021109021020  021020/FRM MECANIC CENTRE AEROPTIC /EID VIRF-000597 /RNF 113822               
0430004RLV 01349EUR2 0001006021109021020  021020VIRT SEPA RECU                            0000000018712H/FRM LACHANT SPR
0530004RLV 01349EUR2 0001006021109021020  021020/FRM LACHANT SPRING 77 /EID 114360 /RNF FLUOROTECHNIQUE                 
0430004RLV 01349EUR2 0001006021109021020  021020VIRT SEPA RECU                            0000000004840F/FRM ETS VEGA /E
0530004RLV 01349EUR2 0001006021109021020  021020/FRM ETS VEGA /EID FA114448/411077165 /RNF                              
0430004RLV 01349EUR2 0001006021109021020  021020VIRT SEPA RECU                            0000000003078F/FRM CHOPIN TECH
0530004RLV 01349EUR2 0001006021109021020  021020/FRM CHOPIN TECHNOLOGIES /EID FVIRB2010C62014 /RNF 113409/411092262     
0430004RLV 01349EUR2 0001006021108021020  021020COMMISSIONS                               0000000001123MFACTURE NUMERO 2
0530004RLV 01349EUR2 0001006021108021020  021020FACTURE NUMERO 20201001100833226                                        
0730004    01349EUR2 00010060211  021020                                                  0000002007623G                
